111111111111111112233221111111111111111111111111
111111111111111122332211111111111111111111111111
111111111111111223322111111111111111111111111111
111111111111112233221111111111111111111111111111
111111111111122332211111111111111111111111111111
111111111111223322111111111111111111111111111111
111111111112233221111111111111111111111111111111
111111111122332211111111111111111111111111111111
111111111223322111111111111111111111111111111111
111111112233221111111111111111111111111111111111
111111122332211111111111111111111111111111111111
111111223322111111111111111111111111111111111111
111112233221111111111111111111111111111111111111
111122332211111111111111111111111111111111111111
111223322111111111111111111111111111111111111111
112233221111111111111111111111111111111111111111
122332211111111111111111111111111111111111111111
233322111111111111111111111111111111111111111111
332221111111111111111111111111111111111111111111
332111111111111111111111111111111111111111111111
332111111111111111111111111111111111111111111111
332111111111111111111111111111111111111111111111
332111111111111111111111111111111111111111111111
332111111111111111111111111111111111111111111111
332111111111111111111111111111111111111111111111
332111111111111111111111111111111111111111111111
332111111111111111111141111111111111111111111111