11111111111111111223322111111111111111111111111111111111111
11111111111111112233221111111111111111111111111111111111111
11111111111111122332211111111111111111111111111111111111111
11111111111111223322111111111111111111111111111111111111111
11111111111112233221111111111111111111111111111111111111111
11111111111122332211111111111111111111111111111111111111111
11111111111223322111111111111111111111111111111111111111111
11111111112233221111111111111111111111111111111111111111111
11111111122332211111111111111111111111111111111111111111111
11111111223322111111111111111111111111111111111111111111111
11111112233221111111111111111111111111111111111111111111111
11111122332211111111111111111111111111111111111111111111111
11111223322111111111111111111111111111111111111111111111111
11112233221111111111111111111111111111111111111111111111111
11122332211111111111111111111111111111111111111111111111111
11223322111111111111111111111111111111111111111111111111111
12233221111111111111111111111111111111111111111111111111111
22332211111111111111111111111111111111111111111111111111111
33322111111111111111111111111111111111111111111111111111111
33322111111111111111111111111111111111111111111111111111111
33322111111111111111111111111111111111111111111111111111111
33322111111111111111111111111111111111111111111111111111111
33322111111111111111111111111111111111111111111111111111111
33322111111111111111111111111111111111111111111111111111111
33322111111111111111111111111111111111111111111111112222222
33322111111111111111111111111111111111111111111111122333333
33322111111111111111111111111111111111111111111111223333333
33322111111111111111111111111111111111111111111112233333333
33322111111111111111111111111111111111111111111122333333333
33322111111111111111111111111111111111111111111223333333333
33322111111111111111111114111111111111111111111233333333333